@article{zouhar2023formal,
  title={A formal perspective on byte-pair encoding},
  author={Zouhar, Vil{\'e}m and Meister, Clara and Gastaldi, Juan Luis and Du, Li and Vieira, Tim and Sachan, Mrinmaya and Cotterell, Ryan},
  journal={arXiv preprint arXiv:2306.16837},
  year={2023}
}

